<?xml version="1.0" encoding="UTF-8"?><record xmlns="http://www.loc.gov/MARC21/slim" xmlns:cinclude="http://apache.org/cocoon/include/1.0" xmlns:zs="http://www.loc.gov/zing/srw/">
  <leader>00505nz  a2200121n  4500</leader>
  <controlfield tag="001">n  87921125 </controlfield>
  <controlfield tag="003">DLC</controlfield>
  <controlfield tag="005">19881222063056.7</controlfield>
  <controlfield tag="008">881116n| acannaab|          |n aaa |||  </controlfield>
  <datafield tag="010" ind1=" " ind2=" ">
    <subfield code="a">n  87921125 </subfield>
  </datafield>
  <datafield tag="040" ind1=" " ind2=" ">
    <subfield code="a">DLC</subfield>
    <subfield code="c">DLC</subfield>
  </datafield>
  <datafield tag="100" ind1="1" ind2="0">
    <subfield code="a">Earle, Richard</subfield>
  </datafield>
  <datafield tag="670" ind1=" " ind2=" ">
    <subfield code="a">His Your vitality quotient, c1989:</subfield>
    <subfield code="b">CIP t.p. (Richard Earle, Ph. D.) pub. info. (co-founder and director of Canadian Institute of Stress; adjunct prof. in Dept. of Health Administration, Univ. of Toronto Faculty of Medicine; teaches research methodology)</subfield>
  </datafield>
</record>